\@article{Maitournam2011232,
	title = "A multiscale fatigue life model for complex cyclic multiaxial loading ",
	journal = "International Journal of Fatigue ",
	volume = "33",
	number = "2",
	pages = "232 - 240",
	year = "2011",
	note = "",
	issn = "0142-1123",
	doi = "http://dx.doi.org/10.1016/j.ijfatigue.2010.08.017",
	url = "http://www.sciencedirect.com/science/article/pii/S0142112310001933",
	author = "M.H. Maitournam and C. Krebs and A. Galtier",
	keywords = "High-cycle fatigue",
	keywords = "Finite life model",
	keywords = "Multiscale approach",
	keywords = "Stabilized cycle",
	keywords = "Shakedown "
}

@thesis{zepeng,
	author = {Ma Zepeng},
	title = {Structures under multiaxial fatigue taking consideration of gradients of the constraints with time and space variation},
	type = {thesis},
	institution = {LMS, Ecole Polytehcnique},
	date = {2017},
	}

@book{lemaitre1990mechanics,
		title={Mechanics of solid materials},
		author={Lemaitre, Jean and Chaboche, Jean-Louis},
		year={1990},
		publisher={Cambridge university press}
	}

@article{Bosia201239,
	title = "Fast time-scale average for a mesoscopic high cycle fatigue criterion ",
	journal = "International Journal of Fatigue ",
	volume = "45",
	number = "",
	pages = "39 - 47",
	year = "2012",
	note = "",
	issn = "0142-1123",
	doi = "http://dx.doi.org/10.1016/j.ijfatigue.2012.06.015",
	url = "http://www.sciencedirect.com/science/article/pii/S0142112312002162",
	author = "Stefano Bosia and Andrei Constantinescu",
	keywords = "Multi-axial fatigue",
	keywords = "Dang Van fatigue criterion",
	keywords = "High-cycle fatigue",
	keywords = "Dynamical systems",
	keywords = "Fasttime scale average "
}

@misc{legendre,
	title = {{Legendre Gauss Quadrature weights and nodes} },
	howpublished = {\url{https://www.mathworks.com/matlabcentral/fileexchange/4540-legendre-gauss-quadrature-weights-and-nodes}},
	note = {Accessed: 2004-05-11}
}

@article{Bedkowski1994, 
	title={Determination of the critical plane and effort criterion in fatigue life evaluation for materials under multiaxial random loading. Experimental verification based on fatigue tests of cruciform specimens}, 
	publisher={Fourth International Conference on Biaxial/Multiaxial Fatigue. Vol.1}, 
	author={Bedkowski, Wlodzimierz}, 
	year={1994}, 
	pages={s.435–447}}

@article{ACHTELIC1994,
	title={Fatigue life of
	10HNAP steel under synchronous random bending and torsion.},
	publisher={Proceedings of the 4th
	International Conference on Biaxial /Multiaxial Fatigue, St Germain-en-Laye (France) 1,
	421-434.},
	author={ACHTELIC, H., BEDKOWSKY, W., GRZELAK, J., MACHA, E.},
	year={1994}, 
	pages={421–434}}

@thesis{VIDAL1996,
	author = {VIDAL, E.},
	title = {Pr{\'e}vision de la dur{\'e}e de vie en fatigue multiaxiale sous sollicitations
	d’amplitude variable {\`a} l’aide d’un crit{\`e}re global.},
	type = {Th{\`e}se de Doctorat},
	institution = {INSA de Lyon},
	date = {1996},
}

@phdthesis{jabbado:pastel-00002116,
	TITLE = {{High-Cycle Fatigue of Metallic Structures : Lifetime Duration under Variable Loadings.}},
	AUTHOR = {Jabbado, Mohamad},
	URL = {https://pastel.archives-ouvertes.fr/pastel-00002116},
	SCHOOL = {{Ecole Polytechnique X}},
	YEAR = {2006},
	MONTH = Mar,
	KEYWORDS = {High-cycle fatigue ; Finite lifetime ; Variable amplitude multiaxial loading ; Plastic behavior at various scales ; Damage factor ; Chargement multiaxial d'amplitude variable ; Comportement plastique aux diff{\'e}rentes {\'e}chelles ; Facteur d'endommagement ; Fatigue polycyclique ; Dur{\'e}e de vie finie},
	TYPE = {Theses},
	PDF = {https://pastel.archives-ouvertes.fr/pastel-00002116/file/Jabbado.pdf},
	HAL_ID = {pastel-00002116},
	HAL_VERSION = {v1},
}

@article{carpinteri2003multiaxial,
	title={A multiaxial fatigue criterion for random loading},
	author={Carpinteri, Andrea and Spagnoli, Andrea and Vantadori, Sabrina},
	journal={Fatigue \& Fracture of Engineering Materials \& Structures},
	volume={26},
	number={6},
	pages={515--522},
	year={2003},
	publisher={Wiley Online Library}
}

@article{Dubar1992,
	title = " Fatigue multiaxiale des aciers - Passage de l’endurance {\`a} l’endurance
	limit{\'e}e -Prise en compte des accidents g{\'e}om{\'e}triques.",
	journal = "Th{\`e}se de Doctorat,Ecole Nationale
	Sup{\'e}rieure d’Arts et M{\'e}tiers, Talence, France.",
	year = "1992",
	author = " DUBAR , L",
}
@book{dieter1961mechanical,
	title={MECHANICAL METALLURGY},
	author={DIETER, G.E.},
	pages={58--62},
	year={1961}
}
@article{lee2013out,
	title={Out-of-phase combined bending and torsion fatigue of steels},
	author={Lee, Soon-Bok},
	journal={ICBMFF2},
	year={2013}
}
@article{Ellyin1974,
	title={A criterion for fatigue under multiaxial states of stress},
	author={Ellyin F.},
	journal={Mechanics Research	Communications},
	pages={Vol.1 No 4, 219-224.},
	year={1974}
}
@article{neale1981criterion,
	title={A Criterion, for Low-Cycle Fatigue Failure Under Biaxial States of Stress},
	author={Neale, KW and Ellyin, F},
	journal={Journal of Engineering Materials and Technology},
	volume={103},
	pages={1},
	year={1981},
	publisher={American Society of Mechanical Engineers}
}
@article{ellyin1991phase,
	title={In-phase and out-of-phase multiaxial fatigue},
	author={Ellyin, F and Golos, K and Xia, Z},
	journal={ASME J. Eng. Mater. Technol},
	volume={113},
	pages={112},
	year={1991}
}

@article{Froustey1992,
	title={Validit{\'e} des crit{\`e}res de fatigue multiaxiale {\`a} l’endurance en flexion-torsion.},
	author={Froustey C., Laserre S., Dubar L.},
	pages={Mat-Tech ‘92’, IITT-International, France, 79-85},
	year={1992}
}

@phdthesis{palin1996fatigue,
	title={Fatigue multiaxiale d'une fonte GS sous sollicitations combin{\'e}es d'amplitude variable},
	author={Palin-Luc, Thierry},
	year={1996}
}
@phdthesis{vidal1996prevision,
	title={Pr{\'e}vision de la dur{\'e}e de vie en fatigue multiaxiale sous sollicitations d'amplitude variable {\`a} l'aide d'un crit{\`e}re global},
	author={Vidal-Sall{\'e}, Emmanuelle},
	year={1996},
	school={LMSo-Laboratoire de M{\'e}canique des Solides, EA 675 (Lyon, INSA)}
}